%YAML 1.1
%TAG !u! tag:unity3d.com,2011:
--- !u!1 &8496893976155789375
GameObject:
  m_ObjectHideFlags: 0
  m_CorrespondingSourceObject: {fileID: 0}
  m_PrefabInstance: {fileID: 0}
  m_PrefabAsset: {fileID: 0}
  serializedVersion: 6
  m_Component:
  - component: {fileID: 8496893976155789372}
  m_Layer: 0
  m_Name: fire
  m_TagString: Untagged
  m_Icon: {fileID: 0}
  m_NavMeshLayer: 0
  m_StaticEditorFlags: 0
  m_IsActive: 1
--- !u!4 &8496893976155789372
Transform:
  m_ObjectHideFlags: 0
  m_CorrespondingSourceObject: {fileID: 0}
  m_PrefabInstance: {fileID: 0}
  m_PrefabAsset: {fileID: 0}
  m_GameObject: {fileID: 8496893976155789375}
  m_LocalRotation: {x: 0, y: 0, z: 0, w: 1}
  m_LocalPosition: {x: 389.50095, y: 0.2912001, z: 0.39257812}
  m_LocalScale: {x: 1, y: 1, z: 1}
  m_Children:
  - {fileID: 8496893976188467874}
  - {fileID: 7406762005409468389}
  - {fileID: 7406762005356765598}
  - {fileID: 7406762006271301991}
  m_Father: {fileID: 0}
  m_RootOrder: 0
  m_LocalEulerAnglesHint: {x: 0, y: 0, z: 0}
--- !u!1001 &7406762005206281213
PrefabInstance:
  m_ObjectHideFlags: 0
  serializedVersion: 2
  m_Modification:
    m_TransformParent: {fileID: 8496893976155789372}
    m_Modifications:
    - target: {fileID: 1378403579361005904, guid: d2f413a66f8e1204b9b9d77e332c15b5,
        type: 3}
      propertyPath: m_Name
      value: Agun_0
      objectReference: {fileID: 0}
    - target: {fileID: 1378403579361005919, guid: d2f413a66f8e1204b9b9d77e332c15b5,
        type: 3}
      propertyPath: m_LocalPosition.x
      value: 12.93
      objectReference: {fileID: 0}
    - target: {fileID: 1378403579361005919, guid: d2f413a66f8e1204b9b9d77e332c15b5,
        type: 3}
      propertyPath: m_LocalPosition.y
      value: 1.59
      objectReference: {fileID: 0}
    - target: {fileID: 1378403579361005919, guid: d2f413a66f8e1204b9b9d77e332c15b5,
        type: 3}
      propertyPath: m_LocalPosition.z
      value: -0.39257812
      objectReference: {fileID: 0}
    - target: {fileID: 1378403579361005919, guid: d2f413a66f8e1204b9b9d77e332c15b5,
        type: 3}
      propertyPath: m_LocalRotation.x
      value: -0
      objectReference: {fileID: 0}
    - target: {fileID: 1378403579361005919, guid: d2f413a66f8e1204b9b9d77e332c15b5,
        type: 3}
      propertyPath: m_LocalRotation.y
      value: -0
      objectReference: {fileID: 0}
    - target: {fileID: 1378403579361005919, guid: d2f413a66f8e1204b9b9d77e332c15b5,
        type: 3}
      propertyPath: m_LocalRotation.z
      value: -0
      objectReference: {fileID: 0}
    - target: {fileID: 1378403579361005919, guid: d2f413a66f8e1204b9b9d77e332c15b5,
        type: 3}
      propertyPath: m_LocalRotation.w
      value: 1
      objectReference: {fileID: 0}
    - target: {fileID: 1378403579361005919, guid: d2f413a66f8e1204b9b9d77e332c15b5,
        type: 3}
      propertyPath: m_RootOrder
      value: 0
      objectReference: {fileID: 0}
    - target: {fileID: 1378403579361005919, guid: d2f413a66f8e1204b9b9d77e332c15b5,
        type: 3}
      propertyPath: m_LocalEulerAnglesHint.x
      value: 0
      objectReference: {fileID: 0}
    - target: {fileID: 1378403579361005919, guid: d2f413a66f8e1204b9b9d77e332c15b5,
        type: 3}
      propertyPath: m_LocalEulerAnglesHint.y
      value: 0
      objectReference: {fileID: 0}
    - target: {fileID: 1378403579361005919, guid: d2f413a66f8e1204b9b9d77e332c15b5,
        type: 3}
      propertyPath: m_LocalEulerAnglesHint.z
      value: 0
      objectReference: {fileID: 0}
    m_RemovedComponents: []
  m_SourcePrefab: {fileID: 100100000, guid: d2f413a66f8e1204b9b9d77e332c15b5, type: 3}
--- !u!4 &8496893976188467874 stripped
Transform:
  m_CorrespondingSourceObject: {fileID: 1378403579361005919, guid: d2f413a66f8e1204b9b9d77e332c15b5,
    type: 3}
  m_PrefabInstance: {fileID: 7406762005206281213}
  m_PrefabAsset: {fileID: 0}
--- !u!1001 &8496893976070516929
PrefabInstance:
  m_ObjectHideFlags: 0
  serializedVersion: 2
  m_Modification:
    m_TransformParent: {fileID: 8496893976155789372}
    m_Modifications:
    - target: {fileID: 1378403579361005904, guid: d2f413a66f8e1204b9b9d77e332c15b5,
        type: 3}
      propertyPath: m_Name
      value: Agun_0
      objectReference: {fileID: 0}
    - target: {fileID: 1378403579361005919, guid: d2f413a66f8e1204b9b9d77e332c15b5,
        type: 3}
      propertyPath: m_LocalPosition.x
      value: 168.29904
      objectReference: {fileID: 0}
    - target: {fileID: 1378403579361005919, guid: d2f413a66f8e1204b9b9d77e332c15b5,
        type: 3}
      propertyPath: m_LocalPosition.y
      value: 0.26
      objectReference: {fileID: 0}
    - target: {fileID: 1378403579361005919, guid: d2f413a66f8e1204b9b9d77e332c15b5,
        type: 3}
      propertyPath: m_LocalPosition.z
      value: -0.78515625
      objectReference: {fileID: 0}
    - target: {fileID: 1378403579361005919, guid: d2f413a66f8e1204b9b9d77e332c15b5,
        type: 3}
      propertyPath: m_LocalRotation.x
      value: -0
      objectReference: {fileID: 0}
    - target: {fileID: 1378403579361005919, guid: d2f413a66f8e1204b9b9d77e332c15b5,
        type: 3}
      propertyPath: m_LocalRotation.y
      value: -0
      objectReference: {fileID: 0}
    - target: {fileID: 1378403579361005919, guid: d2f413a66f8e1204b9b9d77e332c15b5,
        type: 3}
      propertyPath: m_LocalRotation.z
      value: -0
      objectReference: {fileID: 0}
    - target: {fileID: 1378403579361005919, guid: d2f413a66f8e1204b9b9d77e332c15b5,
        type: 3}
      propertyPath: m_LocalRotation.w
      value: 1
      objectReference: {fileID: 0}
    - target: {fileID: 1378403579361005919, guid: d2f413a66f8e1204b9b9d77e332c15b5,
        type: 3}
      propertyPath: m_RootOrder
      value: 2
      objectReference: {fileID: 0}
    - target: {fileID: 1378403579361005919, guid: d2f413a66f8e1204b9b9d77e332c15b5,
        type: 3}
      propertyPath: m_LocalEulerAnglesHint.x
      value: 0
      objectReference: {fileID: 0}
    - target: {fileID: 1378403579361005919, guid: d2f413a66f8e1204b9b9d77e332c15b5,
        type: 3}
      propertyPath: m_LocalEulerAnglesHint.y
      value: 0
      objectReference: {fileID: 0}
    - target: {fileID: 1378403579361005919, guid: d2f413a66f8e1204b9b9d77e332c15b5,
        type: 3}
      propertyPath: m_LocalEulerAnglesHint.z
      value: 0
      objectReference: {fileID: 0}
    m_RemovedComponents: []
  m_SourcePrefab: {fileID: 100100000, guid: d2f413a66f8e1204b9b9d77e332c15b5, type: 3}
--- !u!4 &7406762005356765598 stripped
Transform:
  m_CorrespondingSourceObject: {fileID: 1378403579361005919, guid: d2f413a66f8e1204b9b9d77e332c15b5,
    type: 3}
  m_PrefabInstance: {fileID: 8496893976070516929}
  m_PrefabAsset: {fileID: 0}
--- !u!1001 &8496893976118959802
PrefabInstance:
  m_ObjectHideFlags: 0
  serializedVersion: 2
  m_Modification:
    m_TransformParent: {fileID: 8496893976155789372}
    m_Modifications:
    - target: {fileID: 1378403579361005904, guid: d2f413a66f8e1204b9b9d77e332c15b5,
        type: 3}
      propertyPath: m_Name
      value: Agun_0
      objectReference: {fileID: 0}
    - target: {fileID: 1378403579361005919, guid: d2f413a66f8e1204b9b9d77e332c15b5,
        type: 3}
      propertyPath: m_LocalPosition.x
      value: 103.54
      objectReference: {fileID: 0}
    - target: {fileID: 1378403579361005919, guid: d2f413a66f8e1204b9b9d77e332c15b5,
        type: 3}
      propertyPath: m_LocalPosition.y
      value: 0.51
      objectReference: {fileID: 0}
    - target: {fileID: 1378403579361005919, guid: d2f413a66f8e1204b9b9d77e332c15b5,
        type: 3}
      propertyPath: m_LocalPosition.z
      value: -0.78515625
      objectReference: {fileID: 0}
    - target: {fileID: 1378403579361005919, guid: d2f413a66f8e1204b9b9d77e332c15b5,
        type: 3}
      propertyPath: m_LocalRotation.x
      value: -0
      objectReference: {fileID: 0}
    - target: {fileID: 1378403579361005919, guid: d2f413a66f8e1204b9b9d77e332c15b5,
        type: 3}
      propertyPath: m_LocalRotation.y
      value: -0
      objectReference: {fileID: 0}
    - target: {fileID: 1378403579361005919, guid: d2f413a66f8e1204b9b9d77e332c15b5,
        type: 3}
      propertyPath: m_LocalRotation.z
      value: -0
      objectReference: {fileID: 0}
    - target: {fileID: 1378403579361005919, guid: d2f413a66f8e1204b9b9d77e332c15b5,
        type: 3}
      propertyPath: m_LocalRotation.w
      value: 1
      objectReference: {fileID: 0}
    - target: {fileID: 1378403579361005919, guid: d2f413a66f8e1204b9b9d77e332c15b5,
        type: 3}
      propertyPath: m_RootOrder
      value: 1
      objectReference: {fileID: 0}
    - target: {fileID: 1378403579361005919, guid: d2f413a66f8e1204b9b9d77e332c15b5,
        type: 3}
      propertyPath: m_LocalEulerAnglesHint.x
      value: 0
      objectReference: {fileID: 0}
    - target: {fileID: 1378403579361005919, guid: d2f413a66f8e1204b9b9d77e332c15b5,
        type: 3}
      propertyPath: m_LocalEulerAnglesHint.y
      value: 0
      objectReference: {fileID: 0}
    - target: {fileID: 1378403579361005919, guid: d2f413a66f8e1204b9b9d77e332c15b5,
        type: 3}
      propertyPath: m_LocalEulerAnglesHint.z
      value: 0
      objectReference: {fileID: 0}
    m_RemovedComponents: []
  m_SourcePrefab: {fileID: 100100000, guid: d2f413a66f8e1204b9b9d77e332c15b5, type: 3}
--- !u!4 &7406762005409468389 stripped
Transform:
  m_CorrespondingSourceObject: {fileID: 1378403579361005919, guid: d2f413a66f8e1204b9b9d77e332c15b5,
    type: 3}
  m_PrefabInstance: {fileID: 8496893976118959802}
  m_PrefabAsset: {fileID: 0}
--- !u!1001 &8496893977505138744
PrefabInstance:
  m_ObjectHideFlags: 0
  serializedVersion: 2
  m_Modification:
    m_TransformParent: {fileID: 8496893976155789372}
    m_Modifications:
    - target: {fileID: 1378403579361005904, guid: d2f413a66f8e1204b9b9d77e332c15b5,
        type: 3}
      propertyPath: m_Name
      value: Agun_0
      objectReference: {fileID: 0}
    - target: {fileID: 1378403579361005919, guid: d2f413a66f8e1204b9b9d77e332c15b5,
        type: 3}
      propertyPath: m_LocalPosition.x
      value: 274.13907
      objectReference: {fileID: 0}
    - target: {fileID: 1378403579361005919, guid: d2f413a66f8e1204b9b9d77e332c15b5,
        type: 3}
      propertyPath: m_LocalPosition.y
      value: 0.43879992
      objectReference: {fileID: 0}
    - target: {fileID: 1378403579361005919, guid: d2f413a66f8e1204b9b9d77e332c15b5,
        type: 3}
      propertyPath: m_LocalPosition.z
      value: -0.78515625
      objectReference: {fileID: 0}
    - target: {fileID: 1378403579361005919, guid: d2f413a66f8e1204b9b9d77e332c15b5,
        type: 3}
      propertyPath: m_LocalRotation.x
      value: -0
      objectReference: {fileID: 0}
    - target: {fileID: 1378403579361005919, guid: d2f413a66f8e1204b9b9d77e332c15b5,
        type: 3}
      propertyPath: m_LocalRotation.y
      value: -0
      objectReference: {fileID: 0}
    - target: {fileID: 1378403579361005919, guid: d2f413a66f8e1204b9b9d77e332c15b5,
        type: 3}
      propertyPath: m_LocalRotation.z
      value: -0
      objectReference: {fileID: 0}
    - target: {fileID: 1378403579361005919, guid: d2f413a66f8e1204b9b9d77e332c15b5,
        type: 3}
      propertyPath: m_LocalRotation.w
      value: 1
      objectReference: {fileID: 0}
    - target: {fileID: 1378403579361005919, guid: d2f413a66f8e1204b9b9d77e332c15b5,
        type: 3}
      propertyPath: m_RootOrder
      value: 3
      objectReference: {fileID: 0}
    - target: {fileID: 1378403579361005919, guid: d2f413a66f8e1204b9b9d77e332c15b5,
        type: 3}
      propertyPath: m_LocalEulerAnglesHint.x
      value: 0
      objectReference: {fileID: 0}
    - target: {fileID: 1378403579361005919, guid: d2f413a66f8e1204b9b9d77e332c15b5,
        type: 3}
      propertyPath: m_LocalEulerAnglesHint.y
      value: 0
      objectReference: {fileID: 0}
    - target: {fileID: 1378403579361005919, guid: d2f413a66f8e1204b9b9d77e332c15b5,
        type: 3}
      propertyPath: m_LocalEulerAnglesHint.z
      value: 0
      objectReference: {fileID: 0}
    m_RemovedComponents: []
  m_SourcePrefab: {fileID: 100100000, guid: d2f413a66f8e1204b9b9d77e332c15b5, type: 3}
--- !u!4 &7406762006271301991 stripped
Transform:
  m_CorrespondingSourceObject: {fileID: 1378403579361005919, guid: d2f413a66f8e1204b9b9d77e332c15b5,
    type: 3}
  m_PrefabInstance: {fileID: 8496893977505138744}
  m_PrefabAsset: {fileID: 0}
