%YAML 1.1
%TAG !u! tag:unity3d.com,2011:
--- !u!1 &706833503618010109
GameObject:
  m_ObjectHideFlags: 0
  m_CorrespondingSourceObject: {fileID: 0}
  m_PrefabInstance: {fileID: 0}
  m_PrefabAsset: {fileID: 0}
  serializedVersion: 6
  m_Component:
  - component: {fileID: 706833503618010111}
  - component: {fileID: 706833503618010108}
  m_Layer: 0
  m_Name: dath_7
  m_TagString: Untagged
  m_Icon: {fileID: 0}
  m_NavMeshLayer: 0
  m_StaticEditorFlags: 0
  m_IsActive: 1
--- !u!4 &706833503618010111
Transform:
  m_ObjectHideFlags: 0
  m_CorrespondingSourceObject: {fileID: 0}
  m_PrefabInstance: {fileID: 0}
  m_PrefabAsset: {fileID: 0}
  m_GameObject: {fileID: 706833503618010109}
  m_LocalRotation: {x: -0, y: -0, z: -0, w: 1}
  m_LocalPosition: {x: 1.0778809, y: -0.9464216, z: 0.6360485}
  m_LocalScale: {x: 0.7, y: -0.7, z: 1}
  m_Children: []
  m_Father: {fileID: 706833504280517443}
  m_RootOrder: 2
  m_LocalEulerAnglesHint: {x: 0, y: 0, z: 0}
--- !u!212 &706833503618010108
SpriteRenderer:
  m_ObjectHideFlags: 0
  m_CorrespondingSourceObject: {fileID: 0}
  m_PrefabInstance: {fileID: 0}
  m_PrefabAsset: {fileID: 0}
  m_GameObject: {fileID: 706833503618010109}
  m_Enabled: 1
  m_CastShadows: 0
  m_ReceiveShadows: 0
  m_DynamicOccludee: 1
  m_MotionVectors: 1
  m_LightProbeUsage: 1
  m_ReflectionProbeUsage: 1
  m_RenderingLayerMask: 1
  m_RendererPriority: 0
  m_Materials:
  - {fileID: 10754, guid: 0000000000000000f000000000000000, type: 0}
  m_StaticBatchInfo:
    firstSubMesh: 0
    subMeshCount: 0
  m_StaticBatchRoot: {fileID: 0}
  m_ProbeAnchor: {fileID: 0}
  m_LightProbeVolumeOverride: {fileID: 0}
  m_ScaleInLightmap: 1
  m_PreserveUVs: 0
  m_IgnoreNormalsForChartDetection: 0
  m_ImportantGI: 0
  m_StitchLightmapSeams: 0
  m_SelectedEditorRenderState: 0
  m_MinimumChartSize: 4
  m_AutoUVMaxDistance: 0.5
  m_AutoUVMaxAngle: 89
  m_LightmapParameters: {fileID: 0}
  m_SortingLayerID: 0
  m_SortingLayer: 0
  m_SortingOrder: 0
  m_Sprite: {fileID: 21300014, guid: 4ee7014ab1069ff409ff74f36ccc221d, type: 3}
  m_Color: {r: 1, g: 1, b: 1, a: 0.57254905}
  m_FlipX: 0
  m_FlipY: 0
  m_DrawMode: 0
  m_Size: {x: 2.09, y: 1.05}
  m_AdaptiveModeThreshold: 0.5
  m_SpriteTileMode: 0
  m_WasSpriteAssigned: 1
  m_MaskInteraction: 0
  m_SpriteSortPoint: 0
--- !u!1 &706833504255835831
GameObject:
  m_ObjectHideFlags: 0
  m_CorrespondingSourceObject: {fileID: 0}
  m_PrefabInstance: {fileID: 0}
  m_PrefabAsset: {fileID: 0}
  serializedVersion: 6
  m_Component:
  - component: {fileID: 706833504255835825}
  - component: {fileID: 706833504255835830}
  m_Layer: 0
  m_Name: enemy_0
  m_TagString: Untagged
  m_Icon: {fileID: 0}
  m_NavMeshLayer: 0
  m_StaticEditorFlags: 0
  m_IsActive: 1
--- !u!4 &706833504255835825
Transform:
  m_ObjectHideFlags: 0
  m_CorrespondingSourceObject: {fileID: 0}
  m_PrefabInstance: {fileID: 0}
  m_PrefabAsset: {fileID: 0}
  m_GameObject: {fileID: 706833504255835831}
  m_LocalRotation: {x: -0, y: -0, z: -0.61900806, w: 0.7853847}
  m_LocalPosition: {x: -1.8120728, y: -1.1164217, z: 0.6360485}
  m_LocalScale: {x: 0.48384175, y: 0.48384175, z: 0.48384157}
  m_Children: []
  m_Father: {fileID: 706833504280517443}
  m_RootOrder: 3
  m_LocalEulerAnglesHint: {x: 0, y: 0, z: -76.48701}
--- !u!212 &706833504255835830
SpriteRenderer:
  m_ObjectHideFlags: 0
  m_CorrespondingSourceObject: {fileID: 0}
  m_PrefabInstance: {fileID: 0}
  m_PrefabAsset: {fileID: 0}
  m_GameObject: {fileID: 706833504255835831}
  m_Enabled: 1
  m_CastShadows: 0
  m_ReceiveShadows: 0
  m_DynamicOccludee: 1
  m_MotionVectors: 1
  m_LightProbeUsage: 1
  m_ReflectionProbeUsage: 1
  m_RenderingLayerMask: 1
  m_RendererPriority: 0
  m_Materials:
  - {fileID: 10754, guid: 0000000000000000f000000000000000, type: 0}
  m_StaticBatchInfo:
    firstSubMesh: 0
    subMeshCount: 0
  m_StaticBatchRoot: {fileID: 0}
  m_ProbeAnchor: {fileID: 0}
  m_LightProbeVolumeOverride: {fileID: 0}
  m_ScaleInLightmap: 1
  m_PreserveUVs: 0
  m_IgnoreNormalsForChartDetection: 0
  m_ImportantGI: 0
  m_StitchLightmapSeams: 0
  m_SelectedEditorRenderState: 0
  m_MinimumChartSize: 4
  m_AutoUVMaxDistance: 0.5
  m_AutoUVMaxAngle: 89
  m_LightmapParameters: {fileID: 0}
  m_SortingLayerID: 0
  m_SortingLayer: 0
  m_SortingOrder: 0
  m_Sprite: {fileID: 21300000, guid: a36cbb10104603045b22f6b9bd3be66a, type: 3}
  m_Color: {r: 1, g: 1, b: 1, a: 0.50980395}
  m_FlipX: 0
  m_FlipY: 0
  m_DrawMode: 0
  m_Size: {x: 1.99, y: 2.54}
  m_AdaptiveModeThreshold: 0.5
  m_SpriteTileMode: 0
  m_WasSpriteAssigned: 1
  m_MaskInteraction: 0
  m_SpriteSortPoint: 0
--- !u!1 &706833504280517440
GameObject:
  m_ObjectHideFlags: 0
  m_CorrespondingSourceObject: {fileID: 0}
  m_PrefabInstance: {fileID: 0}
  m_PrefabAsset: {fileID: 0}
  serializedVersion: 6
  m_Component:
  - component: {fileID: 706833504280517443}
  m_Layer: 0
  m_Name: npc
  m_TagString: Untagged
  m_Icon: {fileID: 0}
  m_NavMeshLayer: 0
  m_StaticEditorFlags: 0
  m_IsActive: 1
--- !u!4 &706833504280517443
Transform:
  m_ObjectHideFlags: 0
  m_CorrespondingSourceObject: {fileID: 0}
  m_PrefabInstance: {fileID: 0}
  m_PrefabAsset: {fileID: 0}
  m_GameObject: {fileID: 706833504280517440}
  m_LocalRotation: {x: 0, y: 0, z: 0, w: 1}
  m_LocalPosition: {x: 573.3921, y: 1.0464216, z: -0.6360485}
  m_LocalScale: {x: 1, y: 1, z: 1}
  m_Children:
  - {fileID: 8164683630548240925}
  - {fileID: 706833504805374546}
  - {fileID: 706833503618010111}
  - {fileID: 706833504255835825}
  - {fileID: 4237450701026093614}
  m_Father: {fileID: 0}
  m_RootOrder: 0
  m_LocalEulerAnglesHint: {x: 0, y: 0, z: 0}
--- !u!1 &706833504805374544
GameObject:
  m_ObjectHideFlags: 0
  m_CorrespondingSourceObject: {fileID: 0}
  m_PrefabInstance: {fileID: 0}
  m_PrefabAsset: {fileID: 0}
  serializedVersion: 6
  m_Component:
  - component: {fileID: 706833504805374546}
  - component: {fileID: 706833504805374547}
  m_Layer: 0
  m_Name: kua
  m_TagString: Untagged
  m_Icon: {fileID: 0}
  m_NavMeshLayer: 0
  m_StaticEditorFlags: 0
  m_IsActive: 1
--- !u!4 &706833504805374546
Transform:
  m_ObjectHideFlags: 0
  m_CorrespondingSourceObject: {fileID: 0}
  m_PrefabInstance: {fileID: 0}
  m_PrefabAsset: {fileID: 0}
  m_GameObject: {fileID: 706833504805374544}
  m_LocalRotation: {x: -0, y: -0, z: -0, w: 1}
  m_LocalPosition: {x: 40.13794, y: 0.19357836, z: 0.6360485}
  m_LocalScale: {x: 0.3, y: 0.3, z: 1}
  m_Children: []
  m_Father: {fileID: 706833504280517443}
  m_RootOrder: 1
  m_LocalEulerAnglesHint: {x: 0, y: 0, z: 0}
--- !u!212 &706833504805374547
SpriteRenderer:
  m_ObjectHideFlags: 0
  m_CorrespondingSourceObject: {fileID: 0}
  m_PrefabInstance: {fileID: 0}
  m_PrefabAsset: {fileID: 0}
  m_GameObject: {fileID: 706833504805374544}
  m_Enabled: 1
  m_CastShadows: 0
  m_ReceiveShadows: 0
  m_DynamicOccludee: 1
  m_MotionVectors: 1
  m_LightProbeUsage: 1
  m_ReflectionProbeUsage: 1
  m_RenderingLayerMask: 1
  m_RendererPriority: 0
  m_Materials:
  - {fileID: 10754, guid: 0000000000000000f000000000000000, type: 0}
  m_StaticBatchInfo:
    firstSubMesh: 0
    subMeshCount: 0
  m_StaticBatchRoot: {fileID: 0}
  m_ProbeAnchor: {fileID: 0}
  m_LightProbeVolumeOverride: {fileID: 0}
  m_ScaleInLightmap: 1
  m_PreserveUVs: 0
  m_IgnoreNormalsForChartDetection: 0
  m_ImportantGI: 0
  m_StitchLightmapSeams: 0
  m_SelectedEditorRenderState: 0
  m_MinimumChartSize: 4
  m_AutoUVMaxDistance: 0.5
  m_AutoUVMaxAngle: 89
  m_LightmapParameters: {fileID: 0}
  m_SortingLayerID: 0
  m_SortingLayer: 0
  m_SortingOrder: 0
  m_Sprite: {fileID: 21300000, guid: 429621a5cba7801409c32d6d2b808e14, type: 3}
  m_Color: {r: 1, g: 1, b: 1, a: 1}
  m_FlipX: 0
  m_FlipY: 0
  m_DrawMode: 0
  m_Size: {x: 10.13, y: 8.96}
  m_AdaptiveModeThreshold: 0.5
  m_SpriteTileMode: 0
  m_WasSpriteAssigned: 1
  m_MaskInteraction: 0
  m_SpriteSortPoint: 0
--- !u!1001 &706833504725705414
PrefabInstance:
  m_ObjectHideFlags: 0
  serializedVersion: 2
  m_Modification:
    m_TransformParent: {fileID: 706833504280517443}
    m_Modifications:
    - target: {fileID: 5716343176912075807, guid: f3733d3f9136a4047ae06d0446375471,
        type: 3}
      propertyPath: m_Name
      value: shokun (1)
      objectReference: {fileID: 0}
    - target: {fileID: 3675323937335986408, guid: f3733d3f9136a4047ae06d0446375471,
        type: 3}
      propertyPath: m_LocalPosition.x
      value: -2.4121094
      objectReference: {fileID: 0}
    - target: {fileID: 3675323937335986408, guid: f3733d3f9136a4047ae06d0446375471,
        type: 3}
      propertyPath: m_LocalPosition.y
      value: -0.65642166
      objectReference: {fileID: 0}
    - target: {fileID: 3675323937335986408, guid: f3733d3f9136a4047ae06d0446375471,
        type: 3}
      propertyPath: m_LocalPosition.z
      value: 0.6360485
      objectReference: {fileID: 0}
    - target: {fileID: 3675323937335986408, guid: f3733d3f9136a4047ae06d0446375471,
        type: 3}
      propertyPath: m_LocalRotation.x
      value: -0
      objectReference: {fileID: 0}
    - target: {fileID: 3675323937335986408, guid: f3733d3f9136a4047ae06d0446375471,
        type: 3}
      propertyPath: m_LocalRotation.y
      value: -0
      objectReference: {fileID: 0}
    - target: {fileID: 3675323937335986408, guid: f3733d3f9136a4047ae06d0446375471,
        type: 3}
      propertyPath: m_LocalRotation.z
      value: -0
      objectReference: {fileID: 0}
    - target: {fileID: 3675323937335986408, guid: f3733d3f9136a4047ae06d0446375471,
        type: 3}
      propertyPath: m_LocalRotation.w
      value: 1
      objectReference: {fileID: 0}
    - target: {fileID: 3675323937335986408, guid: f3733d3f9136a4047ae06d0446375471,
        type: 3}
      propertyPath: m_RootOrder
      value: 4
      objectReference: {fileID: 0}
    - target: {fileID: 3675323937335986408, guid: f3733d3f9136a4047ae06d0446375471,
        type: 3}
      propertyPath: m_LocalEulerAnglesHint.x
      value: 0
      objectReference: {fileID: 0}
    - target: {fileID: 3675323937335986408, guid: f3733d3f9136a4047ae06d0446375471,
        type: 3}
      propertyPath: m_LocalEulerAnglesHint.y
      value: 0
      objectReference: {fileID: 0}
    - target: {fileID: 3675323937335986408, guid: f3733d3f9136a4047ae06d0446375471,
        type: 3}
      propertyPath: m_LocalEulerAnglesHint.z
      value: 0
      objectReference: {fileID: 0}
    - target: {fileID: 7908832619060033842, guid: f3733d3f9136a4047ae06d0446375471,
        type: 3}
      propertyPath: m_Color.a
      value: 0.5647059
      objectReference: {fileID: 0}
    m_RemovedComponents: []
  m_SourcePrefab: {fileID: 100100000, guid: f3733d3f9136a4047ae06d0446375471, type: 3}
--- !u!4 &4237450701026093614 stripped
Transform:
  m_CorrespondingSourceObject: {fileID: 3675323937335986408, guid: f3733d3f9136a4047ae06d0446375471,
    type: 3}
  m_PrefabInstance: {fileID: 706833504725705414}
  m_PrefabAsset: {fileID: 0}
--- !u!1001 &4778203915254530805
PrefabInstance:
  m_ObjectHideFlags: 0
  serializedVersion: 2
  m_Modification:
    m_TransformParent: {fileID: 706833504280517443}
    m_Modifications:
    - target: {fileID: 5716343176912075807, guid: f3733d3f9136a4047ae06d0446375471,
        type: 3}
      propertyPath: m_Name
      value: shokun
      objectReference: {fileID: 0}
    - target: {fileID: 3675323937335986408, guid: f3733d3f9136a4047ae06d0446375471,
        type: 3}
      propertyPath: m_LocalPosition.x
      value: 1.9578857
      objectReference: {fileID: 0}
    - target: {fileID: 3675323937335986408, guid: f3733d3f9136a4047ae06d0446375471,
        type: 3}
      propertyPath: m_LocalPosition.y
      value: -0.8164216
      objectReference: {fileID: 0}
    - target: {fileID: 3675323937335986408, guid: f3733d3f9136a4047ae06d0446375471,
        type: 3}
      propertyPath: m_LocalPosition.z
      value: 0.030692458
      objectReference: {fileID: 0}
    - target: {fileID: 3675323937335986408, guid: f3733d3f9136a4047ae06d0446375471,
        type: 3}
      propertyPath: m_LocalRotation.x
      value: -0
      objectReference: {fileID: 0}
    - target: {fileID: 3675323937335986408, guid: f3733d3f9136a4047ae06d0446375471,
        type: 3}
      propertyPath: m_LocalRotation.y
      value: -0
      objectReference: {fileID: 0}
    - target: {fileID: 3675323937335986408, guid: f3733d3f9136a4047ae06d0446375471,
        type: 3}
      propertyPath: m_LocalRotation.z
      value: -0
      objectReference: {fileID: 0}
    - target: {fileID: 3675323937335986408, guid: f3733d3f9136a4047ae06d0446375471,
        type: 3}
      propertyPath: m_LocalRotation.w
      value: 1
      objectReference: {fileID: 0}
    - target: {fileID: 3675323937335986408, guid: f3733d3f9136a4047ae06d0446375471,
        type: 3}
      propertyPath: m_RootOrder
      value: 0
      objectReference: {fileID: 0}
    - target: {fileID: 3675323937335986408, guid: f3733d3f9136a4047ae06d0446375471,
        type: 3}
      propertyPath: m_LocalEulerAnglesHint.x
      value: 0
      objectReference: {fileID: 0}
    - target: {fileID: 3675323937335986408, guid: f3733d3f9136a4047ae06d0446375471,
        type: 3}
      propertyPath: m_LocalEulerAnglesHint.y
      value: 0
      objectReference: {fileID: 0}
    - target: {fileID: 3675323937335986408, guid: f3733d3f9136a4047ae06d0446375471,
        type: 3}
      propertyPath: m_LocalEulerAnglesHint.z
      value: 0
      objectReference: {fileID: 0}
    - target: {fileID: 3675323937335986408, guid: f3733d3f9136a4047ae06d0446375471,
        type: 3}
      propertyPath: m_LocalScale.x
      value: -1
      objectReference: {fileID: 0}
    - target: {fileID: 7908832619060033842, guid: f3733d3f9136a4047ae06d0446375471,
        type: 3}
      propertyPath: m_Color.a
      value: 0.6156863
      objectReference: {fileID: 0}
    m_RemovedComponents: []
  m_SourcePrefab: {fileID: 100100000, guid: f3733d3f9136a4047ae06d0446375471, type: 3}
--- !u!4 &8164683630548240925 stripped
Transform:
  m_CorrespondingSourceObject: {fileID: 3675323937335986408, guid: f3733d3f9136a4047ae06d0446375471,
    type: 3}
  m_PrefabInstance: {fileID: 4778203915254530805}
  m_PrefabAsset: {fileID: 0}
